<?xml version="1.0" encoding="UTF-8"?><collection xmlns="http://www.loc.gov/MARC21/slim"><record><leader>00364nam--2200133-i-4500</leader><controlfield tag="001">000047286</controlfield><controlfield tag="002">20161230</controlfield><controlfield tag="005">20161230201046</controlfield><controlfield tag="008">060222s1000------------r-----000-0-eng-d</controlfield><datafield ind1=" " ind2=" " tag="080"><subfield code="a">530.145:539.14.001</subfield></datafield><datafield ind1=" " ind2=" " tag="100"><subfield code="a">Weisskopf, Victor F</subfield></datafield><datafield ind1=" " ind2=" " tag="245"><subfield code="a">Physics in the twentieth century: selected essays</subfield></datafield><datafield ind1=" " ind2=" " tag="260"><subfield code="a">Cambridge, The Mit Press, 1972, Xv+368p</subfield></datafield><datafield ind1=" " ind2=" " tag="852"><subfield code="a">39533</subfield></datafield></record></collection>